% This file was created with JabRef 2.9.2.
% Encoding: MacRoman

@inproceedings{ACTMR,
  author    = {Valerio Arena and
               Vincenzo Catania and
               Giuseppe La Torre and
               Salvatore Monteleone and
               Fabio Ricciato},
  title     = {SecureDroid: An Android security framework extension for context-aware
               policy enforcement},
  booktitle = {2013 International Conference on Privacy and Security in Mobile Systems,
               {PRISMS} 2013, Atlantic City, NJ, USA, June 24-27, 2013},
  pages     = {1--8},
  year      = {2013},
  crossref  = {DBLP:conf/prisms/2013},
  url       = {http://dx.doi.org/10.1109/PRISMS.2013.6927185},
  doi       = {10.1109/PRISMS.2013.6927185},
  timestamp = {Thu, 11 Dec 2014 17:41:49 +0100},
  biburl    = {http://dblp2.uni-trier.de/rec/bib/conf/prisms/ArenaCTMR13},
  bibsource = {dblp computer science bibliography, http://dblp.org}
}

@inproceedings{KuTri,
 author = {Kulkarni, Devdatta and Tripathi, Anand},
 title = {Context-aware Role-based Access Control in Pervasive Computing Systems},
 booktitle = {Proceedings of the 13th ACM Symposium on Access Control Models and Technologies},
 series = {SACMAT '08},
 year = {2008},
 isbn = {978-1-60558-129-3},
 location = {Estes Park, CO, USA},
 pages = {113--122},
 numpages = {10},
 url = {http://doi.acm.org/10.1145/1377836.1377854},
 doi = {10.1145/1377836.1377854},
 acmid = {1377854},
 publisher = {ACM},
 address = {New York, NY, USA},
 keywords = {RBAC, context-aware computing, context-based access control, pervasive computing},
} 



@article{WW,
 author = {Wolf, Wayne},
 title = {Cyber-physical Systems},
 journal = {Computer},
 issue_date = {March 2009},
 volume = {42},
 number = {3},
 month = mar,
 year = {2009},
 issn = {0018-9162},
 pages = {88--89},
 numpages = {2},
 url = {http://dx.doi.org/10.1109/MC.2009.81},
 doi = {10.1109/MC.2009.81},
 acmid = {1525683},
 publisher = {IEEE Computer Society Press},
 address = {Los Alamitos, CA, USA},
 keywords = {cyber-physical systems, embedded computing, embedded computing, cyber-physical systems},
} 


@article{JL,
    address = {Piscataway, NJ, USA},
    author = {Jiang, Xiaodong and Landay, J. A.},
    journal = {IEEE Pervasive Computing},
    month = Jul,
    number = {3},
    pages = {59--63},
    posted-at = {2009-03-31 10:44:55},
    publisher = {IEEE Educational Activities Department},
    title = {{Modeling privacy control in context-aware systems}},
    url = {http://dx.doi.org/10.1109/mprv.2002.1037723},
    volume = {1},
    year = {2002},
    owner = {orhanermis}
}



@ARTICLE{VTCNK,
    title = {CyberSAGE: A Tool for Automatic Security Assessment of Cyber-Physical Systems},
    author= {An Hoa Vu and Nils Ole Tippenhauer and Binbin Chen and David M. Nicol and Zbigniew Kalbarczyk},
    booktitle= {Proceedings of the Conference on Quantitative Evaluation of SysTems (QEST)},
    year= 2014,
    month = Sep,
    owner = {orhanermis}
}
@ARTICLE{WCGDTS,
  author = {White, Jules and Clarke, Siobh√°n and Groba, Christin and Dougherty, Brian and Thompson, Chris and Schmidt, Douglas C.},
  title = {R\&D Challenges and Solutions for Mobile Cyber-Physical Applications and Supporting Internet Services},
  journal = {Journal of Internet Services and Applications},
  keywords = {dblp},
  pages = {45-56},
  timestamp = {2010.07.21},
  volume = {1},
  owner = {orhanermis},
  year = {2010},
  timestamp = {2010.07.21}
}

@inproceedings{MR,
 author = {Meyer, Sven and Rakotonirainy, Andry},
 title = {A Survey of Research on Context-aware Homes},
 booktitle = {Proceedings of the Australasian Information Security Workshop Conference on ACSW Frontiers 2003 - Volume 21},
 series = {ACSW Frontiers '03},
 year = {2003},
 isbn = {1-920682-00-7},
 location = {Adelaide, Australia},
 pages = {159--168},
 numpages = {10},
 url = {http://dl.acm.org/citation.cfm?id=827987.828005},
 acmid = {828005},
 publisher = {Australian Computer Society, Inc.},
 address = {Darlinghurst, Australia, Australia},
 keywords = {environments, pervasive, privacy, smart context-aware homes, smart sensors, ubiquitous computing, user-experience},
} 


@ARTICLE{JDSLJ,
  author = {Jiafu, Wan and Daqiang, Zhang and Shengjie, Zhao and Laurence, 
                T. Yang and Jaime, Lloret},
  title = {Context-Aware Vehicular Cyber-Physical Systems with Cloud Support:
               Architecture, Challenges, and Solutions},
  journal = {{IEEE} Communications Magazine},
  volume = {52},
  number = {8},
  pages = {106--113},
  year = {2014},
  timestamp = {Fri, 15 Aug 2014 14:11:51 +0200},
  owner = {orhanermis},
  biburl = {http://dblp.uni-trier.de/rec/bib/journals/cm/WanZZYL14},
  bibsource = {dblp computer science bibliography, http://dblp.org}
}

@ARTICLE{PYXF,
  author = {Peiyuan, Dong and Yue, Han and Xiaobo, Guo and Feng, Xie},
  title = {A Systematic Review of Studies on Cyber Physical System Security},
  journal = {International Journal of Security and Its Applications},
  year = {2015},
  volume = {9},
  pages = {155--164},
  owner = {orhanermis},
  timestamp = {2014.02.28}
}

@ARTICLE{PDC,
  author = {Makris, Prodromos and Skoutas, Dimitrios N. and Skianis, Charalabos},
  biburl = {http://www.bibsonomy.org/bibtex/2849db9bb5c4c131b0b1f056a3a8e992b/dblp},
  ee = {http://dx.doi.org/10.1109/SURV.2012.040912.00180},
  journal = {IEEE Communications Surveys and Tutorials},
  keywords = {dblp},
  number = 1,
  pages = {362-386},
  timestamp = {2013-02-14T11:33:55.000+0100},
  title = {A Survey on Context-Aware Mobile and Wireless Networking: On Networking and Computing Environments' Integration.},
  volume = {15},
  year = {2013}
}

@ARTICLE{AMB,
  author = {Ahmed Abdel-Harfez and Ali Miri and Luiz Orozco-Barbosa},
  title = {Authenticated Group Key Agreement Protocols for Ad hoc Wireless Networks.},
  journal = {I. J. Network Security},
  year = {2007},
  volume = {4},
  pages = {90--98},
  owner = {orhanermis},
  timestamp = {2014.02.28}
}

@ARTICLE{AML,
  author = {Mahdi Aiash and Glenford Mapp and Aboubaker Lasebae},
  title = {A Survey on Authentication and Key Agreement Protocols in Heterogeneous
	Networks},
  journal = {International Journal of Network Security and Its Applications},
  year = {2012},
  volume = {4},
  pages = {199--214},
  owner = {orhanermis},
  timestamp = {2014.08.02}
}

@ARTICLE{ABIS,
  author = {Daniel Augot and Raghav Bhaskar and Valerie Issarny and Daniele Sacchetti},
  title = {A three round authenticated group key agreement protocol for ad hoc
	networks},
  journal = {Pervasive and Mobile Computing},
  year = {2007},
  volume = {3},
  pages = {36--52},
  owner = {orhanermis},
  timestamp = {2014.08.02}
}

@INPROCEEDINGS{BR,
  author = {Mihir Bellare and Phillip Rogaway},
  title = {Random oracles are practical: a paradigm for designing efficient
	protocols},
  booktitle = {Proceedings of the 1st ACM Conference on Computer and Communications
	Security},
  year = {1993},
  owner = {Orhan},
  timestamp = {2013.03.19}
}

@ARTICLE{BSMP,
  author = {Manuel Blum and Alfredo De Santis and Silvio Micali and Giuseppe
	Persiano},
  title = {Noninteractive Zero-Knowledge},
  journal = {SIAM Journal on Computing},
  year = {1991},
  volume = {20},
  pages = {1084--1118},
  owner = {Orhan},
  timestamp = {2012.04.11}
}

@INPROCEEDINGS{Boneh1,
  author = {Dan Boneh},
  title = {The Decision Diffie-Hellman Problem},
  booktitle = {Proceedings of the Third International Symposium on Algorithmic Number
	Theory},
  year = {1998},
  owner = {Orhan},
  timestamp = {2012.09.18}
}

@INPROCEEDINGS{Boyd1,
  author = {Colin Boyd},
  title = {On Key Agreement and Conference Key Agreement},
  booktitle = {ACISP},
  year = {1997},
  owner = {murat},
  timestamp = {2012.04.25}
}

@INPROCEEDINGS{BN,
  author = {Colin Boyd and Juan Manuel Gonz{\'a}lez Nieto},
  title = {Round-Optimal Contributory Conference Key Agreement},
  booktitle = {Public Key Cryptography},
  year = {2003},
  owner = {murat},
  timestamp = {2012.04.25}
}

@INPROCEEDINGS{BD,
  author = {Mike Burmester and Yvo Desmedt},
  title = {A Secure and Efficient Conference Key Distribution System (Extended
	Abstract)},
  booktitle = {EUROCRYPT},
  year = {1994},
  owner = {Orhan},
  timestamp = {2012.04.11}
}

@INPROCEEDINGS{CTC,
  author = {Chin-Chen Chang and Hao-Chuan Tsai and Pen-Yi Chang},
  title = {A Collaborative Conference Key Agreement Scheme by Using an Intermediary
	Node},
  booktitle = {Proceedings of the 2007 International Conference on Convergence Information
	Technology},
  year = {2007},
  owner = {murat},
  timestamp = {2012.04.25}
}

@INPROCEEDINGS{CTCZW,
  author = {Chin-Chen Chang and Hao-Chuan Tsai and Pen-Yi Chang Lijun Chu and
	Xuefeng Zheng and Shaojie Wang},
  title = {A Collaborative Conference Key Agreement Scheme by Using an Intermediary
	Node},
  booktitle = {Proceedings of the 2007 International Conference on Convergence Information
	Technology},
  year = {2007},
  owner = {orhanermis},
  timestamp = {2014.06.13}
}

@ARTICLE{CL,
  author = {Jiin-Chiou Cheng and Chi-Sung Laih},
  title = {Conference key agreement protocol with non-interactive fault-tolerance
	over broadcast network},
  journal = {International Journal of Information Security},
  year = {2009},
  volume = {8},
  pages = {1},
  owner = {Murat Cihan},
  timestamp = {2012.04.24}
}

@ARTICLE{CLCG,
  author = {Zi-Yao Cheng and Yun Liu and Chin-Chen Chang and Cheng Guo},
  title = {A fault-tolerant group key agreement protocol exploiting dynamic
	setting},
  journal = {International Journal of Communication Systems},
  year = {2013},
  volume = {26},
  pages = {259--275},
  owner = {orhanermis},
  timestamp = {2013.06.23}
}

@ARTICLE{ChTseng,
  author = {Yun-Hsin Chuang and Yuh-Min Tseng},
  title = {An efficient dynamic group key agreement protocol for imbalanced
	wireless networks},
  journal = {International Journal of Network Management},
  year = {2010},
  volume = {20},
  pages = {167--180},
  owner = {orhanermis},
  timestamp = {2014.06.12}
}

@ARTICLE{Chung1,
  author = {Yu-Fang Chung},
  title = {The design of authentication key protocol in certificate-free public
	key cryptosystem},
  journal = {Security and Communication Networks},
  year = {2013},
  volume = {Security Communication Networks, 2013; doi: 10.1002/sec.924},
  owner = {orhanermis},
  timestamp = {2014.06.13}
}

@ARTICLE{DH,
  author = {Whitfield Diffie and Martin E. Hellman},
  title = {New Directions in Cryptography},
  journal = {IEEE Transactions on Information Theory},
  year = {1976},
  volume = {22},
  pages = {644--654},
  owner = {Orhan},
  timestamp = {2012.04.11}
}

@ARTICLE{DOW,
  author = {Whitfield Diffie and Paul C. van Oorschot and Michael J. Wiener},
  title = {Authentication and Authenticated Key Exchanges},
  journal = {Des. Codes Cryptography},
  year = {1992},
  volume = {2},
  pages = {107--125},
  owner = {Orhan},
  timestamp = {2012.04.11}
}

@INPROCEEDINGS{DB,
  author = {Ratna Dutta and Rana Barua},
  title = {Constant Round Dynamic Group Key Agreement},
  booktitle = {ISC},
  year = {2005},
  owner = {orhanermis},
  timestamp = {2014.06.12}
}

@INPROCEEDINGS{DB1,
  author = {Ratna Dutta and Rana Barua},
  title = {Dynamic group key agreement in tree-based setting.},
  booktitle = {In ACISP},
  year = {2005},
  owner = {orhanermis},
  timestamp = {2014.08.08}
}

@ELECTRONIC{DB2,
  author = {Ratna Dutta and Rana Barua},
  year = {2005},
  title = {Overview of Key Agreement Protocols},
  howpublished = {online},
  organization = {Cryptography ePrint Archive},
  address = {http://eprint.iacr.org/2005/289},
  url = {DB2},
  owner = {orhanermis},
  timestamp = {2014.06.13}
}

@INPROCEEDINGS{Foss1,
  author = {Jim Alves Foss},
  title = {An Efficient Secure Authenticated Group Key Exchange Algorithm for
	Large and Dynamic Groups},
  booktitle = {Proc. 23rd Nat'l Information Systems Security Conf. (NISSC)},
  year = {2000},
  owner = {orhanermis},
  timestamp = {2013.06.11}
}

@INPROCEEDINGS{GS,
  author = {Rakesh Chandra Gangwar and Anil K. Sarje},
  title = {Secure and Efficient Dynamic Group Key Agreement Protocol for an
	Ad Hoc Network},
  booktitle = {Ad Hoc and Ubiquitous Computing, 2006. ISAUHC '06. International
	Symposium on},
  year = {2006},
  owner = {orhanermis},
  timestamp = {2014.08.01}
}

@INPROCEEDINGS{HKK,
  author = {Sungchul Heo and Zeen Kim and Kwangjo Kim},
  title = {Certificateless Authenticated Group Key Agreement Protocol for Dynamic
	Groups},
  booktitle = {IEEE GLOBECOM 2007},
  year = {2007},
  owner = {orhanermis},
  timestamp = {2014.06.12}
}

@ARTICLE{Hie1,
  author = {Maarit Hietalahti},
  title = {A Clustering-based Group Key Agreement Protocol for Ad-Hoc Networks},
  journal = {Electron. Notes Theor. Comput. Sci.},
  year = {2008},
  volume = {192},
  pages = {43--53},
  owner = {orhanermis},
  timestamp = {2014.02.28}
}

@ARTICLE{Horng1,
  author = {Gwoboa Horng},
  title = {An Efficient and Secure Protocol for Multi-Party Key Establishment},
  journal = {The Computer Journal},
  year = {2001},
  volume = {44},
  pages = {463--470},
  owner = {orhanermis},
  timestamp = {2013.06.14}
}

@ARTICLE{HCLLC,
  author = {Kuo-Hsuan Huang and Yu-Fang Chung and Hsiu-Hui Lee and Feipei Lai
	and Tzer-Shyong Chen},
  title = {A Conference Key Agreement Protocol with Fault-Tolerant Capability},
  journal = {Computer Standards and Interfaces},
  year = {2009},
  volume = {31},
  pages = {401--405},
  owner = {Orhan},
  timestamp = {2012.04.11}
}

@ARTICLE{ITW,
  author = {Ingemar Ingemarsson and Donald T. Tang and C. K. Wong},
  title = {A Conference Key Distribution System},
  journal = {IEEE Transactions on Information Theory},
  year = {1982},
  volume = {28},
  pages = {714--719},
  owner = {Orhan},
  timestamp = {2012.04.11}
}

@ARTICLE{KY,
  author = {Jonathan Katz and Moti Yung},
  title = {Scalable Protocols for Authenticated Group Key Exchange},
  journal = {Journal of Cryptology},
  year = {2007},
  volume = {20},
  pages = {85--113},
  owner = {orhanermis},
  timestamp = {2013.06.23}
}

@INPROCEEDINGS{KKHY,
  author = {Jeung-Seop Kim and Hyo-Chul Kim and Kyeoung-Ju Ha and Keo-Young Yoo},
  title = {One Round Identity-Based Authenticated Conference Key Agreement Protocol},
  booktitle = {Third European Conference, ECUMN},
  year = {2004},
  owner = {murat},
  timestamp = {2012.04.25}
}

@ARTICLE{KRIY,
  author = {Woo-Hun Kim and Eun-Kyung Ryu and Jae-Yuel Im and Kee-Young Yoo},
  title = {New conference key agreement protocol with user anonymity},
  journal = {Computer Standards and Interfaces},
  year = {2005},
  volume = {27},
  pages = {185--190},
  owner = {murat},
  timestamp = {2012.04.25}
}

@ARTICLE{KPT,
  author = {Yongdae Kim and Adrian Perrig and Gene Tsudik},
  title = {Tree-Based Group Key Agreement},
  journal = {ACM Transactions on Information and System Security},
  year = {2004},
  volume = {7},
  pages = {60--96},
  owner = {orhanermis},
  timestamp = {2014.06.15}
}

@ARTICLE{KNS,
  author = {Krishnan Kumar and J. Nafeesa Begum and V. Sumathy},
  title = {A Novel Approach towards Cost Effective Region-Based Group Key Agreement
	Protocol for Secure Group Communication},
  journal = {International Journal of Computer Science and Information Security},
  year = {2010},
  volume = {8},
  pages = {-1--1},
  owner = {orhanermis},
  timestamp = {2014.06.12}
}

@ARTICLE{LKH,
  author = {Sangho Lee and Jong Kim and Sung Je Hong},
  title = {Security weakness of Tseng's fault-tolerant conference key agreement
	protocol},
  journal = {The Journal of Systems and Software},
  year = {2009},
  volume = {82},
  pages = {1163--1167},
  owner = {murat},
  timestamp = {2012.04.25}
}

@INPROCEEDINGS{LiPi,
  author = {Chih-Hung Li and Josef Pieprzyk},
  title = {Conference Key Agreement from Secret Sharing},
  booktitle = {ACISP},
  year = {1999},
  owner = {Murat Cihan},
  timestamp = {2012.04.24}
}

@INPROCEEDINGS{LLC,
  author = {Chu-Hsing Lin and Hsiu-Hsia Lin and Jen-Chieh Chang},
  title = {Multiparty Key Agreement for Secure Teleconferencing},
  booktitle = {IEEE International Conference on Systems, Man, and Cybernetics},
  year = {2006},
  owner = {murat},
  timestamp = {2012.04.25}
}

@BOOK{MVO,
  title = {Handbook of Applied Cryptography},
  publisher = {CRC Press},
  year = {1997},
  author = {Alfred J. Menezes and Scott A. Vanstone and Paul C. van Oorschot},
  owner = {orhanermis},
  timestamp = {2013.07.28}
}

@INPROCEEDINGS{Perrig1,
  author = {Adrian Perrig},
  title = {Efficient collaborative key management protocols for secure autonomous
	group communication},
  booktitle = {In Proceedings of International workshop on cryptographic techniques
	and electronic commerce},
  year = {1999},
  owner = {orhanermis},
  timestamp = {2014.08.08}
}

@ARTICLE{PS2,
  author = {David Pointcheval and Jacques Stern},
  title = {Security Arguments for Digital Signatures and Blind Signatures},
  journal = {Journal of Cryptography},
  year = {2000},
  volume = {13},
  pages = {361--396},
  owner = {Orhan},
  timestamp = {2013.03.19}
}

@INPROCEEDINGS{PS1,
  author = {David Pointcheval and Jacques Stern},
  title = {Security Proofs for Signature Schemes},
  booktitle = {Eurocrypt},
  year = {1996},
  owner = {Orhan},
  timestamp = {2013.03.05}
}

@ARTICLE{SC,
  author = {Mounita Saha and Dipanwita Roy Chowdhury},
  title = {A Conference Key Agreement Protocol for Mobile Environment},
  journal = {Journal of Information Assurance and Security},
  year = {2009},
  volume = {4},
  pages = {60--68},
  owner = {murat},
  timestamp = {2012.04.25}
}

@INPROCEEDINGS{SGM,
  author = {Tingjun Shi and Yuanbo Guo and Jianfeng Ma},
  title = {A Fault-Tolerant and Secure Multi-Conference-Key Agreement Protocol},
  booktitle = {2004 International Conference on Communications Circuits and Systems},
  year = {2004},
  owner = {murat},
  timestamp = {2012.04.25}
}

@ARTICLE{STW,
  author = {Michael Steiner and Gene Tsudik and Michael Waidner},
  title = {Key Agreement in Dynamic Peer Groups},
  journal = {IEEE Transactions on Parallel and Distributed Systems},
  year = {2000},
  volume = {11},
  pages = {769--780},
  owner = {orhanermis},
  timestamp = {2013.06.14}
}

@ARTICLE{STW1,
  author = {Michael Steiner and Gene Tsudik and Michael Waidner},
  title = {Key agreement in dynamic peer groups},
  journal = {IEEE Transactions on Parallel and Distributed Systems},
  year = {2000},
  volume = {11},
  pages = {769--780},
  owner = {orhanermis},
  timestamp = {2014.06.13}
}

@INPROCEEDINGS{STW0,
  author = {Michael Steiner and Gene Tsudik and Michael Waidner},
  title = {CLIQUES: a new approach to group key agreement},
  booktitle = {Distributed Computing Systems, 1998. Proceedings. 18th International
	Conference on},
  year = {1998},
  owner = {orhanermis},
  timestamp = {2014.06.12}
}

@INPROCEEDINGS{STW2,
  author = {Michael Steiner and Gene Tsudik and Michael Waidner},
  title = {A fault-tolerant and secure multi-conference-key agreement protocol},
  booktitle = {CCS '96 Proceedings of the 3rd ACM conference on Computer and communications
	security},
  year = {1996},
  owner = {orhanermis},
  timestamp = {2014.06.13}
}

@ARTICLE{SL,
  author = {Yan Lindsay Sun and K. J. Ray Liu},
  title = {Analysis and Protection of Dynamic Membership Information for Group
	Key Distribution Schemes},
  journal = {IEEE Transactions on Information Forensics and Security},
  year = {2007},
  volume = {2},
  pages = {213--226},
  owner = {orhanermis},
  timestamp = {2014.06.12}
}

@ARTICLE{TWL,
  author = {Wade Trappe and Yuke Wang and K. J. Ray Liu},
  title = {Resource-Aware Conference Key Establishment for Heterogeneous Networks},
  journal = {IEEE/ACM Transactions on Networking},
  year = {2005},
  volume = {13},
  pages = {134--146},
  owner = {murat},
  timestamp = {2012.04.25}
}

@ARTICLE{Tseng2,
  author = {Yuh-Min Tseng},
  title = {A communication-efficient and fault-tolerant conference-key agreement
	protocol with forward secrecy},
  journal = {The Journal of Systems and Software},
  year = {2007},
  volume = {80},
  pages = {1091--1101},
  owner = {Orhan},
  timestamp = {2012.04.11}
}

@ARTICLE{Tseng1,
  author = {Yuh-Min Tseng},
  title = {An Improved Conference-Key Agreement Protocol with Forward Secrecy},
  journal = {Informatica, Lith. Acad. Sci.},
  year = {2005},
  volume = {16},
  pages = {275--284},
  owner = {Orhan},
  timestamp = {2012.04.11}
}

@ARTICLE{Tseng3,
  author = {Yuh-Min Tseng},
  title = {A Robust Multi-Party Key Agreement Protocol Resistant to Malicious
	Participants},
  journal = {The Computer Journal},
  year = {2005},
  volume = {48},
  pages = {480--487},
  owner = {Murat Cihan},
  timestamp = {2012.04.24}
}

@ARTICLE{TW,
  author = {Yuh-Min Tseng and Tsu-Yang Wu},
  title = {Analysis and Improvement on a Contributory Group Key Exchange Protocol
	Based on the Diffie-Hellman Technique},
  journal = {Informatica, Lith. Acad. Sci.},
  year = {2010},
  volume = {21},
  pages = {247--258},
  owner = {orhanermis},
  timestamp = {2013.06.14}
}

@ARTICLE{Tzeng1,
  author = {Wen-Guey Tzeng},
  title = {A Secure Fault-Tolerant Conference-Key Agreement Protocol},
  journal = {IEEE Transactions on Computers},
  year = {2002},
  volume = {51},
  pages = {373--379},
  owner = {Orhan},
  timestamp = {2012.04.11}
}

@INPROCEEDINGS{Tzeng2,
  author = {Wen-Guey Tzeng},
  title = {A Practical and Secure Fault-Tolerant Conference-Key Agreement Protocol},
  booktitle = {Public Key Cryptography},
  year = {2000},
  owner = {Murat Cihan},
  timestamp = {2012.04.24}
}

@INPROCEEDINGS{Tzeng3,
  author = {Wen-Guey Tzeng and Zhi-Jia Tzeng},
  title = {Round-Efficient Conference Key Agreement Protocols with Provable
	Security},
  booktitle = {ASIACRYPT},
  year = {2000},
  owner = {Murat Cihan},
  timestamp = {2012.04.24}
}

@ARTICLE{Wang1,
  author = {Zhiwei Wang},
  title = {Improvement on the fault-tolerant group key agreement protocol of
	Zhao et al},
  journal = {Security and Communication Networks},
  year = {2012},
  volume = {doi: 10.1002/sec.414},
  owner = {orhanermis},
  timestamp = {2014.06.13}
}

@INPROCEEDINGS{WMSQD,
  author = {Qianhong Wu and Yi Mu and Willy Susilo and Bo Qin and Josep Domingo-Ferrer},
  title = {Asymmetric group key agreement},
  booktitle = {Advances in Cryptography - EUROCRYPT 2009 LNCS vol. 5479},
  year = {2009},
  owner = {orhanermis},
  timestamp = {2014.06.13}
}

@ARTICLE{WuTa,
  author = {Songyang Wu and Chengxiang Tan},
  title = {Advanced Dynamic Key Exchange Protocol Based on IKEv2},
  journal = {Journal of Computational Information Systems},
  year = {2011},
  volume = {7},
  pages = {3916--3930},
  owner = {orhanermis},
  timestamp = {2014.06.12}
}

@ARTICLE{WT,
  author = {Tsu-Yang Wu and Yuh-Min Tseng},
  title = {Towards ID-Based Authenticated Group Key Exchange Protocol with Identifying
	Malicious Participants},
  journal = {Informatica, Lith. Acad. Sci.},
  year = {2012},
  volume = {23},
  pages = {315--334},
  owner = {orhanermis},
  timestamp = {2013.06.14}
}

@ARTICLE{Yi1,
  author = {Xun Yi},
  title = {Authenticated key agreement in dynamic peer groups},
  journal = {Theoretical Computer Science},
  year = {2004},
  volume = {326},
  pages = {363--382},
  owner = {Murat Cihan},
  timestamp = {2012.04.24}
}

@ARTICLE{Yi2,
  author = {Xun Yi},
  title = {Identity-Based Fault-Tolerant Conference Key Agreement},
  journal = {IEEE Trans. Dependable Sec. Comput.},
  year = {2004},
  volume = {1},
  pages = {170--178},
  owner = {Murat Cihan},
  timestamp = {2012.04.24}
}

@INPROCEEDINGS{ZW,
  author = {Xing-Ian Zhang and Quan-min Wang},
  title = {An Improved Conference Key Agreement Protocol},
  booktitle = {Proceedings of the 2008 International Conference on Computational
	Intelligence and Security - Volume 02},
  year = {2008},
  owner = {Orhan},
  timestamp = {2012.04.11}
}

@ARTICLE{ZGL,
  author = {Jianjie Zhao and Dawu Gu and Yali Li},
  title = {An Efficient fault-tolerant group key agreement protocol},
  journal = {Computer Communications},
  year = {2010},
  volume = {33},
  pages = {890--895},
  owner = {orhanermis},
  timestamp = {2013.06.23}
}

@ARTICLE{ZZT,
  author = {Xingwen Zhao and Fangguo Zhang and Haibo Tian},
  title = {Dynamic asymmetric group key Agreement for ad hoc networks},
  journal = {Ad Hoc Networks},
  year = {2011},
  volume = {9},
  pages = {928--939},
  owner = {orhanermis},
  timestamp = {2014.03.04}
}

@ARTICLE{ZMF,
  author = {Shanyu Zheng and David Manz and Jim Alves Foss},
  title = {A communication-computation efficient group key algorithm for large
	and dynamic groups},
  journal = {Computer Networks},
  year = {2007},
  volume = {51},
  pages = {69--93},
  owner = {orhanermis},
  timestamp = {2014.06.12}
}


@comment{jabref-meta: selector_publisher:}

@comment{jabref-meta: selector_author:}

@comment{jabref-meta: selector_journal:}

@comment{jabref-meta: selector_keywords:}


